@book{GelmanEtAl2003,
  author = {Andrew Gelman, John B. Carlin, 
            Hal S. Stern, Donald B. Rubin},
  title = {Bayesian Data Analysis},
  month = {July},
  year = {2003},
  edition = {2nd},
  series = {Chapman \& Hall/CRC Texts in Statistical Science},
  publisher = {Chapman and Hall/CRC},
}
@misc{Godger2008,
  author = {David Godger},
  title = {Code Like a Pythonista: Idiomatic Python},
  howpublished = {\url{http://tinyurl.com/2cv9kg}},
}
@misc{Hettinger2013,
  author = {Raymond Hettinger},
  title = {What Makes {Python Awesome}?},
  howpublished = {\url{http://tinyurl.com/mndd4er}},
}
@book{Lutz2013,
  author = {Mark Lutz},
  title = {Learning Python},
  edition = {Fifth},
  publisher = {O'Reilly Media},
  address = {Sebastopol, CA}, 
  year = {2013},
}
@manual{MEASUREDHSPlus,
  organization = {MEASURE DHS Plus},
  title = {Description of the Dempgraphic and Health 
           Surveys Individual Recode Data File},
  edition = {Version 1.0},
  month = {March},
  year = {2008},
  howpublished = {\url{http://tinyurl.com/mdu573s}},
}  
@misc{STANSite,
  title = {Stan Project Team Site},
  howpublished = {\url{http://mc-stan.org/team.html}},
}  
@misc{Wouters2012,
  author = {Thomas Wouters},
  title = {Advanced Python: (or understanding Python)
           Google Tech Talks. Feb 21, 2007},
  howpublished = {\url{http://www.youtube.com/watch?v=uOzdG3lwcB4}},
}
@book{Wirth1976,
  author = {Niklaus Wirth},
  title = {Algorithms + Data Structures = Programs},
  publisher = {Prentice-Hall},
  edition = {1st},
  series = {Prentice Hall Series in Automatic Computation},
  year = {1976},
  month = {February},
}

